<?xml version="1.0" encoding="UTF-8"?><collection xmlns="http://www.loc.gov/MARC21/slim"><record><leader>00356nam--2200133-i-4500</leader><controlfield tag="001">000043052</controlfield><controlfield tag="002">20161230</controlfield><controlfield tag="005">20161230201043</controlfield><controlfield tag="008">060222s1000------------r-----000-0-eng-d</controlfield><datafield ind1=" " ind2=" " tag="080"><subfield code="a">541.121</subfield></datafield><datafield ind1=" " ind2=" " tag="100"><subfield code="a">Storey,S.H. And Van Zeggeren</subfield></datafield><datafield ind1=" " ind2=" " tag="245"><subfield code="a">The computation of chemical equilibria</subfield></datafield><datafield ind1=" " ind2=" " tag="260"><subfield code="a">Cambridge, The Univ.Press, 1970. Xii + 176 P</subfield></datafield><datafield ind1=" " ind2=" " tag="852"><subfield code="a">33056</subfield></datafield></record></collection>